<record><leader>00000cas a22000007a 4500</leader><controlfield tag="001">10102364</controlfield><controlfield tag="008">831107d18781883ksuwx ne      0   a0eng d</controlfield><datafield ind1=" " ind2=" " tag="010"><subfield code="a">sn 83040803 </subfield></datafield><datafield ind1=" " ind2=" " tag="040"><subfield code="a">KSH</subfield><subfield code="b">eng</subfield><subfield code="c">KSH</subfield><subfield code="d">NPT</subfield><subfield code="d">OCLCQ</subfield></datafield><datafield ind1=" " ind2=" " tag="042"><subfield code="a">msc</subfield></datafield><datafield ind1=" " ind2=" " tag="043"><subfield code="a">n-us-ks</subfield></datafield><datafield ind1="0" ind2=" " tag="130"><subfield code="a">Little hatchet (1878)</subfield></datafield><datafield ind1="1" ind2="4" tag="245"><subfield code="a">The little hatchet.</subfield></datafield><datafield ind1="1" ind2="3" tag="246"><subfield code="a">Holiday little hatchet</subfield><subfield code="f">June 28, 1879</subfield></datafield><datafield ind1="1" ind2="3" tag="246"><subfield code="a">Illustrated hatchet</subfield><subfield code="f">July 4, 1879</subfield></datafield><datafield ind1=" " ind2=" " tag="260"><subfield code="a">Clay Center, Kan. :</subfield><subfield code="b">[J.W. Miller],</subfield><subfield code="c">1878-</subfield></datafield><datafield ind1=" " ind2=" " tag="300"><subfield code="a">v. :</subfield><subfield code="b">ill. ;</subfield><subfield code="c">29-59 cm.</subfield></datafield><datafield ind1=" " ind2=" " tag="310"><subfield code="a">Weekly</subfield></datafield><datafield ind1="0" ind2=" " tag="362"><subfield code="a">Vol. 1, no. 1 (Sept. 28, 1878)-</subfield></datafield><datafield ind1="1" ind2=" " tag="362"><subfield code="a">Ceased in 1883?</subfield></datafield><datafield ind1=" " ind2=" " tag="500"><subfield code="a">Published on Saturday.</subfield></datafield><datafield ind1=" " ind2=" " tag="500"><subfield code="a">May 30, 1883 issue called "Extra."</subfield></datafield><datafield ind1=" " ind2=" " tag="515"><subfield code="a">Suspended July 11, 1879-&lt;Dec. 1880&gt;.</subfield></datafield><datafield ind1=" " ind2=" " tag="515"><subfield code="a">June 30, 1883 issue lacks date on masthead.</subfield></datafield><datafield ind1="1" ind2=" " tag="700"><subfield code="a">Miller, J. W.</subfield></datafield><datafield ind1=" " ind2=" " tag="752"><subfield code="a">United States</subfield><subfield code="b">Kansas</subfield><subfield code="c">Clay</subfield><subfield code="d">Clay Center.</subfield></datafield></record>